@book{koza92,
		author    = "Koza, John R.",
		title     = "Genetic Programming: On the Programming of Computers by Means of Natural Selection",
		publisher = "MIT Press",
		year      = "1992"
}


@misc{ wiki:latex,
       author = "Wikipedia",
       title = "LaTeX --- Wikipedia{,} La enciclopedia libre",
       year = "2015",
       url = "https://es.wikipedia.org/w/index.php?title=LaTeX&oldid=84209252",
       note = "[Internet; descargado 30-septiembre-2015]"
}

@article{bortolot2005,
  title={Estimating forest biomass using small footprint LiDAR data: An individual tree-based approach that incorporates training data},
  author={Bortolot, Zachary J and Wynne, Randolph H},
  journal={ISPRS Journal of Photogrammetry and Remote Sensing},
  volume={59},
  number={6},
  pages={342--360},
  year={2005},
  publisher={Elsevier}
}

@misc{ XRayDetector:repositorio,
    author = "Noelia Ubierna Fernández",
    title = "Repositorio de {XRayDetector} en {GitHub}",
    year = "2019",
    howpublished="\url{https://https://github.com/nuf1001/XRayDetector}",
    note = "[Online; Accedido 21-noviembre-2019]"
}

@book{ MD:tecnicasyherramientas,
    author = "Cesar Perez Lopez and Daniel Santin",
    title = "Minería de datos. Técnicas y herramientas: técnicas y herramientas",
    publisher = "PARANINFO",
    year  = "2008"
}

@misc{ MD:aprendizajeautomatico,
    author = "Marlon Cajamarca",
    title = "{Inteligencia Artificial}, {Aprendizaje Automático} y {Aprendizaje Profundo}",
    year = "2019",
    howpublished="\url{https://planetachatbot.com/inteligencia-artificial-aprendizaje-autom\%C3\%A1tico-y-aprendizaje-profundo-862ca9790bb9}",
    note = "[Online; Accedido 21-junio-2020]"
}

@misc{ MD:machinelearning,
    author = "Paloma Recuero de los Santos",
    title = "Tipos de aprendizaje en Machine Learning: supervisado y no supervisado",
    year = "2017",
    howpublished="\url{https://empresas.blogthinkbig.com/que-algoritmo-elegir-en-ml-aprendizaje/}",
    note = "[Online; Accedido 24-junio-2020]"
}

@misc{ NDT,
    author = "{The American Society for Nondestructive Testing (ASNT)}",
    title = "{INTRODUCCIÓN A LAS PRUEBAS NO DESTRUCTIVAS}",
    year = "2011",
    howpublished="\url{https://www.asnt.org/MajorSiteSections/About/Introduction_to_Nondestructive_Testing.aspx#:~:text=Nondestructive\%20testing\%20(NDT)\%20is\%20the,part\%20can\%20still\%20be\%20used.}",
    note = "[Online; Accedido 24-junio-2020]"
}

@misc{ segmentacionimagenes:MaskR-CNN,
    author = "{Kaiming He and Georgia Gkioxari and Piotr Dollár and Ross Girshick}",
    title = "{Mask R-CNN}",
    year = "2017",
    howpublished="\url{https://arxiv.org/abs/1703.06870}",
    note = "[Online; Accedido 24-junio-2020]"
}

@misc{ metal-defect-detection:repositorio,
    author = "Max Ferguson",
    title = "Repositorio de {detection} en {GitHub}",
    year = "2016",
    howpublished="\url{https://github.com/maxkferg/metal-defect-detection}",
    note = "[Online; Accedido 21-noviembre-2019]"
}

@misc{ segmentacionimagenes:MaskR-CNN2,
    author = "{Waleed Abdulla}",
    title = "{Mask R-CNN for object detection and instance segmentation on keras and tensorflow}",
    year = "2017",
    howpublished="\url{https://github.com/matterport/Mask_RCNN}",
    note = "[Online; Accedido 24-junio-2020]"
}

@article{ segmentacionimagenes:FPN,
  title={Feature Pyramid Networks for Object Detection},
  author={Tsung-Yi Lin and Piotr Dollar and Ross Girshick and Kaiming He and Bharath Hariharan and Serge Belongie},
  journal={The IEEE Conference on Computer Vision and Pattern Recognition (CVPR)},
  pages={2117-2125},
  year={2017}
}

@article{ segmentacionimagenes:RPN,
  title={Faster R-CNN: Towards Real-Time Object Detection with Region Proposal Networks},
  author={Shaoqing Ren and Kaiming He and Ross Girshick and Jian Sun},
  journal={En Advances in neural information processing systems},
  pages={91-99},
  year={2015}
}

@article{ segmentacionimagenes:COCO,
    title = {Microsoft COCO: Common Objects in Context},
    author = "Tsung-Yi Lin and Michael Maire and Serge Belongie and James Hays and Pietro Perona and Deva Ramanan and Piotr Dollár and C. Lawrence Zitnick",
    journal={In European conference on computer vision},
    pages={740-755},
    year={2014}
}

@misc{ segmentacionimagenes:marcoR-CNN,
    author = "Waleed Abdulla",
    title = {Splash of Color: segmentación de instancias con máscara R-CNN y TensorFlow},
    year = "2018",
    howpublished="\url{https://engineering.matterport.com/splash-of-color-instance-segmentation-with-mask-r-cnn-and-tensorflow-7c761e238b46}",
    note = "[Online; Accedido 27-junio-2020]"
}

@misc{ AP,
    author = "{Shubham Chauhan}",
    title = "{Understanding mean Average Precision for Object Detection (with Python Code)}",
    year = "2019",
    howpublished="\url{https://medium.com/analytics-vidhya/map-mean-average-precision-for-object-detection-with-simple-python-demonstration-dcc7b3850a07}",
    note = "[Online; Accedido 29-junio-2020]"
}

@misc{ mAP,
    author = "{Jonathan Hui}",
    title = "{mAP (mean Average Precision) for Object Detection}",
    year = "2018",
    howpublished="\url{https://medium.com/@jonathan_hui/map-mean-average-precision-for-object-detection-45c121a31173}",
    note = "[Online; Accedido 29-junio-2020]"
}

@misc{ segmentacionimagenes:mascara_layers,
    author = "{Zhaojin Huang and Lichao Huang and Yongchao Gong and Chang Huang and Xinggang Wang}",
    title = "{Mask Scoring R-CNN}",
    year = "2018",
    howpublished="\url{https://openaccess.thecvf.com/content_CVPR_2019/papers/Huang_Mask_Scoring_R-CNN_CVPR_2019_paper.pdf}",
    note = "[Online; Accedido 24-junio-2020]"
}

@misc{ ResNet,
    author = "{Muhammad Rizwan}",
    title = "{Residual Networks (ResNets)}",
    year = "2018",
    howpublished="\url{https://engmrk.com/residual-networks-resnets/}",
    note = "[Online; Accedido 8-julio-2020]"
}

@misc{ TyH:scipy,
	author =    {Eric Jones and Travis Oliphant and Pearu Peterson and others},
	title =     {{SciPy}: Open source scientific tools for {Python}},
	year =      {2001--},
	howpublished="\url{http://www.scipy.org/}",
	note = "[Internet; descargado 16-julio-2020]"
}

@book{ TyH:numpy,
	title={A guide to NumPy},
	author={Oliphant, Travis E},
	volume={1},
	year={2006},
	publisher={Trelgol Publishing USA}
}

@article{ TyH:matplotlib,
	title={Matplotlib: A 2D graphics environment},
	author={Hunter, John D},
	journal={Computing in science \& engineering},
	volume={9},
	number={3},
	pages={90--95},
	year={2007},
	publisher={IEEE}
}

@misc{ TyH:skimage,
    author = "{scikit-image}",
    title = "{Image processing in Python}",
    year = "2020",
    howpublished="\url{https://scikit-image.org/}",
    note = "[Online; Accedido 16-julio-2020]"
}

@misc{ TyH:PIL,
    author = "{Recursos \textit{Python}}",
    title = "{Instalar PIL/Pillow y aplicar efectos visuales}",
    year = "2014",
    howpublished="\url{https://recursospython.com/guias-y-manuales/instalar-pil-pillow-efectos/}",
    note = "[Online; Accedido 16-julio-2020]"
}

@misc{ TyH:distutils,
    author = "{\textit{Python}}",
    title = "{distutils- Construyendo e instalando módulos Python}",
    howpublished="\url{https://docs.python.org/3/library/distutils.html#module-distutils}",
    note = "[Online; Accedido 16-julio-2020]"
}

@misc{ TyH:singleton,
    author = "{Pablo Ulloa Castro}",
    title = "{Programación orientada a objetos: Patrón Singleton}",
    howpublished="\url{https://medium.com/@pabloulloacastro/programaci\%C3\%B3n-orientada-a-objetos-patr\%C3\%B3n-singleton-423e2755614b}",
    note = "[Online; Accedido 16-julio-2020]"
}

@misc{ tmux:repositorio,
    author = "tmux",
    title = "Repositorio de {tmux} en {GitHub}",
    year = "2015",
    howpublished="\url{https://github.com/tmux/tmux}",
    note = "[Online; Accedido 16-julio-2020]"
}

@article{ articulo:2,
  title={Automatic Localization of Casting Defects with Convolutional Neural Networks},
  author={Max Ferguson and Ronay Ak and Yung-Tsun Tina Lee and Kincho H. Law},
  journal={The IEEE International Conference on Big Data (Big Data)},
  pages={176065-176086},
  year={2019}
}

@article{ articulo:1,
  title={Small Defect Detection Using Convolutional
Neural Network Features and Random Forests},
  author={Xinghui Dong and Chris J. Taylor and Tim F. Cootes},
  journal={Proceedings of the European Conference on Computer Vision (ECCV)},
  pages={0-0},
  year={2018}
}

@inproceedings{ieaaieDiez-PastorGBB13,
  location = {Amsterdam, The Netherland},
  dates = {June 17-21},
  bibsource = {DBLP, http://dblp.uni-trier.de},
  author = {José Francisco Díez Pastor and Cesar García Osorio and Víctor Barbero García and Alan Blanco Álamo},
  booktitle = {26th International Conference on Industrial, Engineering and Other Applications of Applied Intelligent Systems, IEA/AIE 2013},
  isbn = {978-3-642-38576-6},
  title = {Imbalanced Learning Ensembles for Defect Detection in X-Ray Images},
  year = {2013},
  pages = {654-663},
  ee = {\url{http://dx.doi.org/10.1007/978-3-642-38577-3\_68}}
}

@inproceedings{ESTYLF2014a,
  location = {Zaragoza, Spain},
  dates = {5 a 7 de febrero},
  author = {José Francisco Díez Pastor and Alvar Arnaiz-González and César García Osorio and Juan José Rodríguez},
  booktitle = {XVII congreso español sobre tecnologías y lógica fuzzy, ESTYLF 2014},
  title = {Segmentación de defectos en piezas de fundido usando umbrales adaptativos y ensembles},
  isbn = {978-84-15688-76-1},
  year = {2014},
  pages = {345-350},
}