@book{koza92,
		author    = "Koza, John R.",
		title     = "Genetic Programming: On the Programming of Computers by Means of Natural Selection",
		publisher = "MIT Press",
		year      = "1992"
}


@misc{ wiki:latex,
       author = "Wikipedia",
       title = "LaTeX --- Wikipedia{,} La enciclopedia libre",
       year = "2015",
       howpublished="\url{https://es.wikipedia.org/w/index.php?title=LaTeX&oldid=84209252}",
       note = "[Internet; descargado 30-septiembre-2015]"
}

@misc{ VLegal,
       author = "Maite Nicuesa",
       title = "Definición de Viabilidad Legal",
       year = "mayo-2015",
       howpublished="\url{https://www.definicionabc.com/derecho/viabilidad-legal.php}",
}

@misc{ articulo2,
    author = "{Max Ferguson}",
    title = "{Automatic Localization of Casting Defects}",
    year = "2017",
    howpublished="\url{https://web.stanford.edu/~maxferg/automated-inspection/}",
    note = "[Online; Accedido 8-mayo-2020]"
}

@article{ GDXray:imagenes,
    author = {Riffo, Vladimir and Lobel, Hans and Mery, Domingo},
    year = {2015},
    month = {05},
    pages = {},
    title = {GDXray: The Database of X-ray Images for Nondestructive Testing},
    journal = {Journal of Nondestructive Evaluation}
}

@misc{ metal-defect-detection:repositorio,
    author = "Max Ferguson",
    title = "Repositorio de {detection} en {GitHub}",
    year = "2016",
    howpublished="\url{https://github.com/maxkferg/metal-defect-detection}",
    note = "[Online; Accedido 21-noviembre-2019]"
}

@misc{ singleton,
    author = "{Pablo Ulloa Castro}",
    title = "{Programación orientada a objetos: Patrón Singleton}",
   howpublished="\url{https://medium.com/@pabloulloacastro/programaci\%C3\%B3n-orientada-a-objetos-patr\%C3\%B3n-singleton-423e2755614b}",
    note = "[Online; Accedido 16-julio-2020]"
}